
@incollection{DBLP:series/springer/Mens08,
  author    = {Tom Mens},
  title     = {Introduction and Roadmap: History and Challenges of Software
               Evolution},
  booktitle = {Software Evolution},
  year      = {2008},
  pages     = {1-11},
  ee        = {http://dx.doi.org/10.1007/978-3-540-76440-3_1},
  crossref  = {DBLP:series/springer/2008Mens},
  bibsource = {DBLP, http://dblp.uni-trier.de}
}
@book{DBLP:series/springer/2008Mens,
  editor    = {Tom Mens and
               Serge Demeyer},
  title     = {Software Evolution},
  publisher = {Springer},
  year      = {2008},
  isbn      = {978-3-540-76439-7},
  ee        = {http://dx.doi.org/10.1007/978-3-540-76440-3},
  bibsource = {DBLP, http://dblp.uni-trier.de}
}

@article{Lehman1980b,
  author = {Lehman, Meir M.},
  biburl = {http://www.bibsonomy.org/bibtex/2226ffa6347deaf8e2685c261dd77842c/evol},
  description = {The entire bibliography of the book "Software Evolution" co-edited by Tom Mens and Serge Demeyer, published by Springer in 2008},
  interhash = {1dedc7cc2a2cbefedac6bcec5b853667},
  intrahash = {226ffa6347deaf8e2685c261dd77842c},
  journal = {Proc. IEEE},
  keywords = {system:unfiled},
  month = {September},
  number = 9,
  pages = {1060--1076},
  timestamp = {2007-09-26T10:37:27.000+0200},
  title = {Programs, life cycles, and laws of software evolution},
  volume = 68,
  year = 1980
}

@article{Kagdi:2007,
 author = {Kagdi, Huzefa and Collard, Michael L. and Maletic, Jonathan I.},
 title = {A survey and taxonomy of approaches for mining software repositories in the context of software evolution},
 journal = {J. Softw. Maint. Evol.},
 issue_date = {March 2007},
 volume = {19},
 number = {2},
 month = mar,
 year = {2007},
 issn = {1532-060X},
 pages = {77--131},
 numpages = {55},
 url = {http://dx.doi.org/10.1002/smr.344},
 doi = {10.1002/smr.344},
 acmid = {1345057},
 publisher = {John Wiley \& Sons, Inc.},
 address = {New York, NY, USA},
 keywords = {mining software repositories, multi-version analysis, software evolution},
} 

@incollection{DBLP:series/springer/Fernandez-RamilLWC08,
  author    = {Juan Fern{\'a}ndez-Ramil and
               Angela Lozano and
               Michel Wermelinger and
               Andrea Capiluppi},
  title     = {Empirical Studies of Open Source Evolution},
  booktitle = {Software Evolution},
  year      = {2008},
  pages     = {263-288},
  ee        = {http://dx.doi.org/10.1007/978-3-540-76440-3_11},
  crossref  = {DBLP:series/springer/2008Mens},
  bibsource = {DBLP, http://dblp.uni-trier.de}
}

@incollection{DBLP:series/springer/DAmbrosGLP08,
  author    = {Marco D'Ambros and
               Harald Gall and
               Michele Lanza and
               Martin Pinzger},
  title     = {Analysing Software Repositories to Understand Software Evolution},
  booktitle = {Software Evolution},
  year      = {2008},
  pages     = {37-67},
  ee        = {http://dx.doi.org/10.1007/978-3-540-76440-3_3},
  crossref  = {DBLP:series/springer/2008Mens},
  bibsource = {DBLP, http://dblp.uni-trier.de}
}

@misc{fowlerdi,
  author = {Fowler, Martin},
  title = {Inversion of Control Containers and the Dependency Injection pattern},
  howpublished = {\url{http://martinfowler.com/articles/injection.html}},
  year = {2004}
}

@book{gof,
  author = {Gamma, Erich and Helm, Richard and Johnson, Ralph and Vlissides, John},
  biburl = {http://www.bibsonomy.org/bibtex/2b074c2848d5c64657278632da5ecbd08/mwagner},
  howpublished = {Hardcover},
  interhash = {d46ec5e2c98583730aa182ceb4a3ab22},
  intrahash = {b074c2848d5c64657278632da5ecbd08},
  isbn = {0201633612},
  keywords = {Muster Entwurfsmuster Pattern},
  month = {January},
  priority = {0},
  publisher = {Addison-Wesley},
  timestamp = {2007-02-20T10:25:30.000+0100},
  title = {Design Patterns},
  url = {http://www.amazon.co.uk/exec/obidos/ASIN/0201633612/citeulike-21},
  year = 1995
}
